<?xml version="1.0" encoding="UTF-8"?><collection><record><leader>08625ntm a2200589 a 4500</leader><controlfield tag="001">006822805</controlfield><controlfield tag="003">MiAaHDL</controlfield><controlfield tag="005">20190719000000.0</controlfield><controlfield tag="006">m        d        </controlfield><controlfield tag="007">cr bn ---auaua</controlfield><controlfield tag="008">090624q18301849tu            00| ||ota d</controlfield><datafield tag="035" ind1=" " ind2=" "><subfield code="a">(MiU)006822805</subfield></datafield><datafield tag="035" ind1=" " ind2=" "><subfield code="a">sdr-miu006822805</subfield></datafield><datafield tag="040" ind1=" " ind2=" "><subfield code="a">MiU</subfield><subfield code="c">MiU</subfield><subfield code="e">amremm</subfield></datafield><datafield tag="041" ind1="0" ind2=" "><subfield code="a">ota</subfield></datafield><datafield tag="043" ind1=" " ind2=" "><subfield code="a">n-us-mi</subfield><subfield code="a">a-tu---</subfield></datafield><datafield tag="245" ind1="0" ind2="0"><subfield code="6">880-03</subfield><subfield code="a">[Münşeat,</subfield><subfield code="f">early to mid 19th century].</subfield></datafield><datafield tag="260" ind1=" " ind2=" "><subfield code="a">[Istanbul?,</subfield><subfield code="c">1830-1849?].</subfield></datafield><datafield tag="300" ind1=" " ind2=" "><subfield code="a">143 leaves :</subfield><subfield code="b">paper ;</subfield><subfield code="c">220 x 125 (143 x 64) mm.</subfield></datafield><datafield tag="500" ind1=" " ind2=" "><subfield code="a">Shelfmark: Ann Arbor, University of Michigan, Special Collections Library, Isl. Ms. 427</subfield></datafield><datafield tag="500" ind1=" " ind2=" "><subfield code="a">Origin: Lacks dated colophon. "According to the caption, the sixth letter in this compendium (pp. 6-9) is a letter addressed to Hurşid Paşa, the beylerbeyi (governor-general) of Rumelia, by the Grand Vizier Yusuf Ziya Paşa. Yusuf Ziya Paşa was grand vizier twice (1798-1808, 1809-1811). There was also a Hurşid Ahmed Paşa who served as the governor-general of Rumelia during the same period (1807-1813), who is the likely recipient. The provides a terminus post quem for this collection of letters, even if it doesn’t necessarily tell us when it was compiled." - from description provided by András Riedlmayer. Sultan Mahmut II (r.1808-1839) is also mentioned at close on p.243, further elaborating the rough terminus post quem. Considering decoration, paper, hand, etc. in light of these details suggests early to mid 19th century, likely 1830s or 1840s.</subfield></datafield><datafield tag="500" ind1=" " ind2=" "><subfield code="a">Former shelfmark: "27 T. De M. [i.e. Tammaro De Marinis]" inscribed in pencil on verso of front flyleaf.</subfield></datafield><datafield tag="500" ind1=" " ind2=" "><subfield code="a">Binding: Pasteboards covered in red-brown leather ; Type II binding (with flap) ; board linings and flyleaves in pink surface-dyed and gold-flecked laid paper ; upper and lower covers carry elegant tooled and gold-painted floral spray with tooled rosette accents as cornerpieces and border with guilloché roll flanked by fillets, all in gold ; sewn in dark pink thread, two stations ; worked chevron endbands in pale yellow and pink, fairly good condition ; overall in fairly good condition with minor abrasion, staining, lifting of leather, etc.</subfield></datafield><datafield tag="500" ind1=" " ind2=" "><subfield code="a">Support: European laid paper of several types ; opening type with 10-11 laid lines per cm. (horizontal), chain lines spaced 30-32 mm. apart (vertical) and watermark of scrollwork / floral form on pedestal resembling a vase (see p.6, 20, etc.) ; another type with 9 laid lines per cm. (horizontal or vertical), chain lines spaced 25-27 mm. (vertical or horizontal) and watermark of lion passant guardant (see p.44, 58, 72, etc.) ; another type with roughly 10 laid lines per cm. (vertical), chain lines spaced 28 mm. apart (vertical) and watermarks of "GFA" below eagle (p.262, etc.) and lion rampant in shield / arms with crown above (see p.250, 264, etc. and compare nos. 1104a and 1104b dated 1844 in Nikolaev, Watermarks of the Ottoman Empire, volume 1) ; all sturdy, fairly thick though transluscent, and quite well-sized and burnished to glossy.</subfield></datafield><datafield tag="500" ind1=" " ind2=" "><subfield code="a">Decoration: Elegant illuminated headpiece (ʻunwān / sarlawḥ) at opening of first section on p.2 consisting of a rectangular piece with cartouche carrying title (for the first letter in the compendium, خرقة شریف تذکره سی) in red flanked by vegetal or plume accents in blue-green on fields of gold, surmounted by scalloped triangular-shaped piece or dome with central floral spray in shades of pink, purple and green surrounded by plume or vegetal designs in shades of blue, purple, pink and white on a gold, partially stippled ground, itself surmounted by five floral bouquets at the apices of the scallops ; illuminated headpiece of similar design (a kind of scalloped triangular-shaped piece or dome with plumes and floral motifs in shades of pink, purple, blue, green, and white on a stippled gold ground) at opening of next section on p.22 ; additional rectangular headpieces appear at the openings of the other sections ; text of written area surrounded by gold frame ; section headings rubricated (through p.214) ; occasional textual dividers in the form of gold rosettes.</subfield></datafield><datafield tag="500" ind1=" " ind2=" "><subfield code="a">Script: Naskh ; mainly a clear, compact Turkish / Ottoman hand in a medium line ; partially but irregularly seriffed with right-sloping head-serif on occasional lam, curvilinear descenders, open and closed counters, free assimilation of letters, pointing mainly in strokes rather than distinct dots, hamzah on final hāʼ and occasional hamzah ʻalá nabrah mainly in separate strokes resembling two dots (similar to the copyists rendering of tāʼ marbūṭah) ; closing section (pp. 249-285) hand slightly different with additional serifs, and some sweeping descenders, though could have been executed by the same copyist.</subfield></datafield><datafield tag="500" ind1=" " ind2=" "><subfield code="a">Layout: Written mainly in 21 lines per page ; frame-ruled ; final section (pp. 249-285) in roughly 17 lines per page.</subfield></datafield><datafield tag="500" ind1=" " ind2=" "><subfield code="a">Collation: i, 10 V(100), II+3 (107), V (117), III (123), 2 V(143), i ; pp.17-21 ruled but left blank ; catchwords present ; pagination in pencil, Western numerals, supplied during digitization.</subfield></datafield><datafield tag="500" ind1=" " ind2=" "><subfield code="a">Incipit: "بسملة فاتحة خلقت خاتمة رسالة ختمیت شرف افزای خلعت نبوت زیورارای دوای رسالت ..."</subfield></datafield><datafield tag="500" ind1=" " ind2=" "><subfield code="a">Title supplied by cataloguer.</subfield></datafield><datafield tag="500" ind1=" " ind2=" "><subfield code="a">Ms. codex.</subfield></datafield><datafield tag="505" ind1="0" ind2=" "><subfield code="a">5. p.248-p.285 : [what appears to be further copies of official letters].</subfield></datafield><datafield tag="505" ind1="0" ind2=" "><subfield code="a">4. p.244-p.247 : [left blank, apart from excerpts on p.245].</subfield></datafield><datafield tag="505" ind1="0" ind2=" "><subfield code="a">3. p.22-p.243 : [collection of letters addressed to various individuals (typically named in the rubricated headings)].</subfield></datafield><datafield tag="505" ind1="0" ind2=" "><subfield code="a">2. p.17-p.21 : [left blank].</subfield></datafield><datafield tag="505" ind1="0" ind2=" "><subfield code="a">1. p.2-p.16: "The first four letters in this codex (pp. 2-3; p. 3; pp. 3-4; pp. 4-5) are model letters captioned "Hırka-ı Şerīf Tezkiresi" (Letter [of invitation to visit] the Mantle of the Prophet Muhammad). The fifth letter (p. 5-6) is captioned "Mevlid-i Şerīf da’vetini mutazammın tezkire" (Letter containing an invitation to [attend] a ceremonial recitation of the Mevlid [ode in praise of the birth of the Prophet Muhammad, composed by Süleyman Çelebi]. The first five letters do not appear to include any dates or names of individuals...According to the caption, the sixth letter in this compendium (pp. 6-9) is a letter addressed to Hurşid Paşa, the beylerbeyi (governor-general) of Rumelia, by the Grand Vizier Yusuf Ziya Paşa...The seventh sample (pp. 9-11) is a letter appointing the recipient to the ceremonial post of sweeper (ferrāş) of the tomb of the Prophet in Medina.The eighth sample (pp. 11-12) is a letter of reprimand addressed to an unnamed transgressor." - from description provided by András Riedlmayer.</subfield></datafield><datafield tag="510" ind1="4" ind2=" "><subfield code="a">Nikolaev, Vsevolod. Watermarks of the mediaeval Ottoman documents in Bulgarian libraries. In Watermarks of the Ottoman Empire, volume 1. (Sofia: Bulgarian Academy of Sciences, 1954):</subfield><subfield code="c">p.584.</subfield></datafield><datafield tag="520" ind1="8" ind2=" "><subfield code="a">Elegant copy of a collection of correspondence in Ottoman Turkish. Identification and detailed description of contents provided by András Riedlmayer via the "Collaboration in cataloging: Islamic manuscripts at Michigan" project. "This appears to be a collection of models of correspondence, written in Ottoman Turkish, with samples of various categories of letters that show the proper forms of address and formulation of such a letter demanded by protocol according to the occasion and the status of the writer and the recipient." - from description provided by András Riedlmayer.</subfield></datafield><datafield tag="538" ind1=" " ind2=" "><subfield code="a">Mode of access: Internet.</subfield></datafield><datafield tag="541" ind1=" " ind2=" "><subfield code="c">Purchase ;</subfield><subfield code="a">Acquired by purchase (funds donated by Horace Rackham).</subfield><subfield code="d">1924.</subfield></datafield><datafield tag="546" ind1=" " ind2=" "><subfield code="a">Ottoman Turkish.</subfield></datafield><datafield tag="561" ind1=" " ind2=" "><subfield code="a">Marginal corrections on pp.76, 125, 147, and 187, otherwise fairly clean copy.</subfield></datafield><datafield tag="650" ind1=" " ind2="0"><subfield code="a">Manuscripts, Turkish</subfield><subfield code="z">Michigan</subfield><subfield code="z">Ann Arbor.</subfield></datafield><datafield tag="650" ind1=" " ind2="0"><subfield code="a">Turkish literature</subfield><subfield code="y">19th century.</subfield></datafield><datafield tag="650" ind1=" " ind2="0"><subfield code="a">Letter writing, Turkish</subfield><subfield code="y">19th century.</subfield></datafield><datafield tag="651" ind1=" " ind2="0"><subfield code="a">Turkey</subfield><subfield code="x">Politics and government</subfield><subfield code="y">19th century</subfield><subfield code="v">Sources.</subfield></datafield><datafield tag="651" ind1=" " ind2="0"><subfield code="a">Turkey</subfield><subfield code="x">History</subfield><subfield code="y">1683-1829</subfield><subfield code="v">Sources.</subfield></datafield><datafield tag="651" ind1=" " ind2="0"><subfield code="a">Turkey</subfield><subfield code="x">History</subfield><subfield code="y">Mahmud II, 1808-1839</subfield><subfield code="v">Sources.</subfield></datafield><datafield tag="655" ind1=" " ind2="7"><subfield code="a">Headpieces (layout features)</subfield><subfield code="y">19th century.</subfield><subfield code="2">aat</subfield></datafield><datafield tag="700" ind1="0" ind2=" "><subfield code="a">Abdülhamid</subfield><subfield code="b">II,</subfield><subfield code="c">Sultan of the Turks,</subfield><subfield code="d">1842-1918,</subfield><subfield code="e">former owner.</subfield></datafield><datafield tag="773" ind1="0" ind2=" "><subfield code="a">Abdul Hamid Collection.</subfield></datafield><datafield tag="880" ind1="0" ind2="0"><subfield code="6">245-03/</subfield><subfield code="a">[منشآت,</subfield><subfield code="f">اوائل الى واسط القرن 19م].</subfield></datafield><datafield tag="CID" ind1=" " ind2=" "><subfield code="a">006822805</subfield></datafield><datafield tag="DAT" ind1="0" ind2=" "><subfield code="a">20190719102640.0</subfield><subfield code="b">20190719000000.0</subfield></datafield><datafield tag="DAT" ind1="1" ind2=" "><subfield code="a">20190719090653.0</subfield><subfield code="b">2019-07-19T16:12:15Z</subfield></datafield><datafield tag="DAT" ind1="2" ind2=" "><subfield code="a">2015-10-10T18:00:06Z</subfield></datafield><datafield tag="CAT" ind1=" " ind2=" "><subfield code="a">SDR-MIU</subfield><subfield code="d">EX LIBRIS - ALEPH</subfield><subfield code="l">prepare.pl-004-008</subfield></datafield><datafield tag="FMT" ind1=" " ind2=" "><subfield code="a">BK</subfield></datafield><datafield tag="HOL" ind1=" " ind2=" "><subfield code="0">sdr-miu006822805</subfield><subfield code="a">MiU</subfield><subfield code="b">SDR</subfield><subfield code="c">MIU</subfield><subfield code="p">mdp.39015079130947</subfield><subfield code="s">MIU</subfield><subfield code="1">006822805</subfield></datafield><datafield tag="974" ind1=" " ind2=" "><subfield code="b">MIU</subfield><subfield code="c">MIU</subfield><subfield code="d">20190719</subfield><subfield code="s">lit-dlps-dc</subfield><subfield code="u">mdp.39015079130947</subfield><subfield code="y">1849</subfield><subfield code="r">pd</subfield><subfield code="q">bib</subfield><subfield code="t">non-US bib date2 &lt; 1879</subfield></datafield></record></collection>